@article{zhang2018enhancing,
    title={Enhancing Hi-C data resolution with deep convolutional neural network HiCPlus},
    author={Zhang, Yan and An, Lin and Xu, Jie and Zhang, Bo and Zheng, W Jim and Hu, Ming and Tang, Jijun and Yue, Feng},
    journal={Nature communications},
    volume={9},
    number={1},
    pages={750},
    year={2018},
    publisher={Nature Publishing Group}
}

