@article{prvzulj2004modeling,
    title={Modeling interactome: scale-free or geometric?},
    author={Pr{\v{z}}ulj, Natasa and Corneil, Derek G and Jurisica, Igor},
    journal={Bioinformatics},
    volume={20},
    number={18},
    pages={3508--3515},
    year={2004},
    publisher={Oxford University Press}
}
@article{prvzulj2007biological,
    title={Biological network comparison using graphlet degree distribution},
    author={Pr{\v{z}}ulj, Nata{\v{s}}a},
    journal={Bioinformatics},
    volume={23},
    number={2},
    pages={e177--e183},
    year={2007},
    publisher={Oxford University Press}
}
@article{milenkoviae2008uncovering,
    title={Uncovering biological network function via graphlet degree signatures},
    author={Milenkovi{\ae}, Tijana and Pr{\v{z}}ulj, Nata{\v{s}}a},
    journal={Cancer informatics},
    volume={6},
    pages={257},
    year={2008},
    publisher={Libertas Academica}
}
@article{lieberman2009comprehensive,
    title={Comprehensive mapping of long-range interactions reveals folding principles of the human genome},
    author={Lieberman-Aiden, Erez and Van Berkum, Nynke L and Williams, Louise and Imakaev, Maxim and Ragoczy, Tobias and Telling, Agnes and Amit, Ido and Lajoie, Bryan R and Sabo, Peter J and Dorschner, Michael O and others},
    journal={science},
    volume={326},
    number={5950},
    pages={289--293},
    year={2009},
    publisher={American Association for the Advancement of Science}
}

@article{daneshpajouh2009metric,
    title={A metric on the space of weighted graphs},
    author={Daneshpajouh, Hamed and Daneshpajouh, Hamid Reza and Didehvar, Farzad},
    journal={arXiv preprint arXiv:0906.2558},
    year={2009}
}
@inproceedings{shervashidze2009efficient,
    title={Efficient graphlet kernels for large graph comparison},
    author={Shervashidze, Nino and Vishwanathan, SVN and Petri, Tobias and Mehlhorn, Kurt and Borgwardt, Karsten},
    booktitle={Artificial Intelligence and Statistics},
    pages={488--495},
    year={2009}
}
@misc{Automorphisms,
    author = {J. Gross},
    title    = {Automorphisms},
    month    = {April},
    year     = {2010},
    publisher= {Columbia University in the city of New York},
    howpublished = {http://www.cs.columbia.edu/~cs6204/files/Lec5-Automorphisms.pdf}
}
@article{milenkovic2010cancer,
    title={Systems-level cancer gene identification from protein interaction network topology applied to melanogenesis-related functional genomics data},
    author={Milenkovi{\'c}, Tijana and Memi{\v{s}}evi{\'c}, Vesna and Ganesan, Anand K and Pr{\v{z}}ulj, Nata{\v{s}}a},
    journal={Journal of the Royal Society Interface},
    volume={7},
    number={44},
    pages={423--437},
    year={2010},
    publisher={The Royal Society}
}
@article{milenkovic2010optimal,
    title={Optimal network alignment with graphlet degree vectors},
    author={Milenkovi{\'c}, Tijana and Ng, Weng Leong and Hayes, Wayne and Pr{\v{z}}ulj, Nata{\v{s}}a},
    journal={Cancer informatics},
    volume={9},
    pages={121},
    year={2010},
    publisher={SAGE Publications}
}
@article{di2010fast,
    title={Fast overlapping of protein contact maps by alignment of eigenvectors},
    author={Di Lena, Pietro and Fariselli, Piero and Margara, Luciano and Vassura, Marco and Casadio, Rita},
    journal={Bioinformatics},
    volume={26},
    number={18},
    pages={2250--2258},
    year={2010},
    publisher={Oxford University Press}
}

@article{reshef2011detecting,
    title={Detecting novel associations in large data sets},
    author={Reshef, David N and Reshef, Yakir A and Finucane, Hilary K and Grossman, Sharon R and McVean, Gilean and Turnbaugh, Peter J and Lander, Eric S and Mitzenmacher, Michael and Sabeti, Pardis C},
    journal={science},
    volume={334},
    number={6062},
    pages={1518--1524},
    year={2011},
    publisher={American Association for the Advancement of Science}
}

@article{ginestet2011statistical,
    title={Statistical parametric network analysis of functional connectivity dynamics during a working memory task},
    author={Ginestet, Cedric E and Simmons, Andrew},
    journal={Neuroimage},
    volume={55},
    number={2},
    pages={688--704},
    year={2011},
    publisher={Elsevier}
}
@inproceedings{soufiani2012graphlet,
    title={Graphlet decomposition of a weighted network},
    author={Soufiani, Hossein Azari and Airoldi, Edo},
    booktitle={Artificial Intelligence and Statistics},
    pages={54--63},
    year={2012}
}
@article{cournac2012normalization,
    title={Normalization of a chromosomal contact map},
    author={Cournac, Axel and Marie-Nelly, Herv{\'e} and Marbouty, Martial and Koszul, Romain and Mozziconacci, Julien},
    journal={BMC genomics},
    volume={13},
    number={1},
    pages={436},
    year={2012},
    publisher={BioMed Central}
}
@article{wang2013properties,
    title={The properties of genome conformation and spatial gene interaction and regulation networks of normal and malignant human cell types},
    author={Wang, Zheng and Cao, Renzhi and Taylor, Kristen and Briley, Aaron and Caldwell, Charles and Cheng, Jianlin},
    journal={PloS one},
    volume={8},
    number={3},
    pages={e58793},
    year={2013},
    publisher={Public Library of Science}
}
@article{feizi2013network,
    title={Network deconvolution as a general method to distinguish direct dependencies in networks},
    author={Feizi, Soheil and Marbach, Daniel and M{\'e}dard, Muriel and Kellis, Manolis},
    journal={Nature biotechnology},
    volume={31},
    number={8},
    pages={726--733},
    year={2013},
    publisher={Nature Research}
}
@article{rao20143d,
    title={A 3D map of the human genome at kilobase resolution reveals principles of chromatin looping},
    author={Rao, Suhas SP and Huntley, Miriam H and Durand, Neva C and Stamenova, Elena K and Bochkov, Ivan D and Robinson, James T and Sanborn, Adrian L and Machol, Ido and Omer, Arina D and Lander, Eric S and others},
    journal={Cell},
    volume={159},
    number={7},
    pages={1665--1680},
    year={2014},
    publisher={Elsevier}
}
@article{trieu2015mogen,
    title={MOGEN: a tool for reconstructing 3D models of genomes from chromosomal conformation capturing data},
    author={Trieu, Tuan and Cheng, Jianlin},
    journal={Bioinformatics},
    volume={32},
    number={9},
    pages={1286--1292},
    year={2015},
    publisher={Oxford University Press}
}
@article{sun2015improving,
    title={Improving accuracy of protein contact prediction using balanced network deconvolution},
    author={Sun, Hai-Ping and Huang, Yan and Wang, Xiao-Fan and Zhang, Yang and Shen, Hong-Bin},
    journal={Proteins: Structure, Function, and Bioinformatics},
    volume={83},
    number={3},
    pages={485--496},
    year={2015},
    publisher={Wiley Online Library}
}
@inproceedings{Bai2015AnAS,
    title={An Aligned Subtree Kernel for Weighted Graphs},
    author={Lu Bai and Luca Rossi and Zhihong Zhang and Edwin R. Hancock},
    booktitle={ICML},
    year={2015}
}
@article{servant2015hic,
    title={HiC-Pro: an optimized and flexible pipeline for Hi-C data processing},
    author={Servant, Nicolas and Varoquaux, Nelle and Lajoie, Bryan R and Viara, Eric and Chen, Chong-Jian and Vert, Jean-Philippe and Heard, Edith and Dekker, Job and Barillot, Emmanuel},
    journal={Genome biology},
    volume={16},
    number={1},
    pages={259},
    year={2015},
    publisher={BioMed Central}
}

@phdthesis{rahman2016graphlet,
    title={Graphlet based network analysis},
    author={Rahman, Mahmudur},
    year={2016},
    school={Purdue University}
}
@article{adhikari2016chromosome3d,
    title={Chromosome3D: reconstructing three-dimensional chromosomal structures from Hi-C interaction frequency data using distance geometry simulated annealing},
    author={Adhikari, Badri and Trieu, Tuan and Cheng, Jianlin},
    journal={BMC genomics},
    volume={17},
    number={1},
    pages={886},
    year={2016},
    publisher={BioMed Central}
}

@article{rousseau2011three,
    title={Three-dimensional modeling of chromatin structure from interaction frequency data using Markov chain Monte Carlo sampling},
    author={Rousseau, Mathieu and Fraser, James and Ferraiuolo, Maria A and Dostie, Jos{\'e}e and Blanchette, Mathieu},
    journal={BMC bioinformatics},
    volume={12},
    number={1},
    pages={414},
    year={2011},
    publisher={BioMed Central}
}

@inproceedings{noble2011three,
    title={A three-dimensional model of the yeast genome},
    author={Noble, William and Duan, Zhi-jun and Andronescu, Mirela and Schutz, Kevin and McIlwain, Sean and Kim, Yoo Jung and Lee, Choli and Shendure, Jay and Fields, Stanley and Blau, C Anthony},
    booktitle={International Conference on Research in Computational Molecular Biology},
    pages={320--320},
    year={2011},
    organization={Springer}
}

@article{hu2013bayesian,
    title={Bayesian inference of spatial organizations of chromosomes},
    author={Hu, Ming and Deng, Ke and Qin, Zhaohui and Dixon, Jesse and Selvaraj, Siddarth and Fang, Jennifer and Ren, Bing and Liu, Jun S},
    journal={PLoS computational biology},
    volume={9},
    number={1},
    pages={e1002893},
    year={2013},
    publisher={Public Library of Science}
}

@article{varoquaux2014statistical,
    title={A statistical approach for inferring the 3D structure of the genome},
    author={Varoquaux, Nelle and Ay, Ferhat and Noble, William Stafford and Vert, Jean-Philippe},
    journal={Bioinformatics},
    volume={30},
    number={12},
    pages={i26--i33},
    year={2014},
    publisher={Oxford University Press}
}

@article{trieu2014large,
    title={Large-scale reconstruction of 3D structures of human chromosomes from chromosomal contact data},
    author={Trieu, Tuan and Cheng, Jianlin},
    journal={Nucleic acids research},
    volume={42},
    number={7},
    pages={e52--e52},
    year={2014},
    publisher={Oxford University Press}
}

@article{zhang20133d,
    title={3D chromosome modeling with semi-definite programming and Hi-C data},
    author={Zhang, ZhiZhuo and Li, Guoliang and Toh, Kim-Chuan and Sung, Wing-Kin},
    journal={Journal of computational biology},
    volume={20},
    number={11},
    pages={831--846},
    year={2013},
    publisher={Mary Ann Liebert, Inc. 140 Huguenot Street, 3rd Floor New Rochelle, NY 10801 USA}
}

@article{lesne20143d,
    title={3D genome reconstruction from chromosomal contacts},
    author={Lesne, Annick and Riposo, Julien and Roger, Paul and Cournac, Axel and Mozziconacci, Julien},
    journal={Nature methods},
    volume={11},
    number={11},
    pages={1141},
    year={2014},
    publisher={Nature Publishing Group}
}

@article{bau2011three,
    title={The three-dimensional folding of the $\alpha$-globin gene domain reveals formation of chromatin globules},
    author={Ba{\`u}, Davide and Sanyal, Amartya and Lajoie, Bryan R and Capriotti, Emidio and Byron, Meg and Lawrence, Jeanne B and Dekker, Job and Marti-Renom, Marc A},
    journal={Nature Structural and Molecular Biology},
    volume={18},
    number={1},
    pages={107},
    year={2011},
    publisher={Nature Publishing Group}
    }

@article{gasser2002visualizing,
    title={Visualizing chromatin dynamics in interphase nuclei},
    author={Gasser, Susan M},
    journal={Science},
    volume={296},
    number={5572},
    pages={1412--1416},
    year={2002},
    publisher={American Association for the Advancement of Science}
}

@article{lanctot2007dynamic,
    title={Dynamic genome architecture in the nuclear space: regulation of gene expression in three dimensions},
    author={Lanct{\^o}t, Christian and Cheutin, Thierry and Cremer, Marion and Cavalli, Giacomo and Cremer, Thomas},
    journal={Nature Reviews Genetics},
    volume={8},
    number={2},
    pages={104},
    year={2007},
    publisher={Nature Publishing Group}
}

@article{mateos2009spatially,
    title={Spatially confined folding of chromatin in the interphase nucleus},
    author={Mateos-Langerak, Julio and Bohn, Manfred and de Leeuw, Wim and Giromus, Osdilly and Manders, Erik MM and Verschure, Pernette J and Indemans, Mireille HG and Gierman, Hinco J and Heermann, Dieter W and Van Driel, Roel and others},
    journal={Proceedings of the National Academy of Sciences},
    volume={106},
    number={10},
    pages={3812--3817},
    year={2009},
    publisher={National Acad Sciences}
}
